<?xml version="1.0" encoding="UTF-8"?><collection xmlns="http://www.loc.gov/MARC21/slim"><record><leader>00328nam--2200121-i-4500</leader><controlfield tag="001">000001912</controlfield><controlfield tag="002">20161230</controlfield><controlfield tag="005">20161230201024</controlfield><controlfield tag="008">060222s1000------------r-----000-0-eng-d</controlfield><datafield ind1=" " ind2=" " tag="245"><subfield code="a">Modern documentation and information practices</subfield></datafield><datafield ind1=" " ind2=" " tag="260"><subfield code="a">Hague, Intern. Federation For Docum. 1961. X + 225 P</subfield></datafield><datafield ind1=" " ind2=" " tag="700"><subfield code="a">Frank, O</subfield></datafield><datafield ind1=" " ind2=" " tag="852"><subfield code="a">18109</subfield></datafield></record></collection>